<?xml version="1.0" encoding="UTF-8"?><collection xmlns="http://www.loc.gov/MARC21/slim"><record><leader>00329nam--2200133-i-4500</leader><controlfield tag="001">000021363</controlfield><controlfield tag="002">20161230</controlfield><controlfield tag="005">20161230201034</controlfield><controlfield tag="008">060222s1000------------r-----000-0-eng-d</controlfield><datafield ind1=" " ind2=" " tag="080"><subfield code="a">530.1</subfield></datafield><datafield ind1=" " ind2=" " tag="100"><subfield code="a">Heisenberg, W</subfield></datafield><datafield ind1=" " ind2=" " tag="245"><subfield code="a">Uber energieschwankungen in einem trahlungsfeld</subfield></datafield><datafield ind1=" " ind2=" " tag="260"><subfield code="a">Leipzig, S.Hirzel, 1931, 9p</subfield></datafield><datafield ind1=" " ind2=" " tag="852"><subfield code="a">703</subfield></datafield></record></collection>